<record><leader>00000cas a22000007a 4500</leader><controlfield tag="001">12070611</controlfield><controlfield tag="008">850523d19291951wiuwr ne      0    0eng d</controlfield><datafield ind1=" " ind2=" " tag="010"><subfield code="a">sn 85040628 </subfield></datafield><datafield ind1=" " ind2=" " tag="040"><subfield code="a">NPV</subfield><subfield code="b">eng</subfield><subfield code="c">NPV</subfield><subfield code="d">OCLCQ</subfield></datafield><datafield ind1=" " ind2=" " tag="042"><subfield code="a">msc</subfield></datafield><datafield ind1="0" ind2=" " tag="130"><subfield code="a">Journal of Burnett County (Grantsburg, Wis. : 1929)</subfield></datafield><datafield ind1="1" ind2="4" tag="245"><subfield code="a">The journal of Burnett County.</subfield></datafield><datafield ind1=" " ind2=" " tag="260"><subfield code="a">Grantsburg, Wis. :</subfield><subfield code="b">Journal Pub.,</subfield><subfield code="c">1929-1951.</subfield></datafield><datafield ind1=" " ind2=" " tag="300"><subfield code="a">23 v. :</subfield><subfield code="b">ill.</subfield></datafield><datafield ind1=" " ind2=" " tag="310"><subfield code="a">Weekly</subfield></datafield><datafield ind1="0" ind2=" " tag="362"><subfield code="a">Vol. 34, no. 33 (Apr. 4, 1929)-v. 56, no. 52, (Aug. 9, 1951) = whole no. 1732-whole no. 5604.</subfield></datafield><datafield ind1=" " ind2=" " tag="752"><subfield code="a">United States</subfield><subfield code="b">Wisconsin</subfield><subfield code="c">Burnett</subfield><subfield code="d">Grantsburg.</subfield></datafield><datafield ind1="0" ind2="0" tag="780"><subfield code="t">Journal of Burnett County and Burnett County sentinel</subfield><subfield code="w">(DLC)sn 85040627</subfield></datafield><datafield ind1="0" ind2="7" tag="785"><subfield code="t">Times (Grantsburg, Wis.)</subfield></datafield><datafield ind1="0" ind2="7" tag="785"><subfield code="t">Journal of Burnett County and the times</subfield><subfield code="w">(DLC)sn 85040629</subfield></datafield></record>